@manual{intel2017man,
  author = {{Intel Corporation}},
  title = {Intel 64 and IA-32 Architectures Software Developerâ€™s Manual},
  year = {2016},
  month = apr,
  organization = {Intel Corporation},
  note = {\url{http://www.intel.com/content/www/us/en/processors/architectures-software-developer-manuals.html},
   visited 2017-08-19}
}

@online{BMPMedium,
	author = {Uday Hiwarale},
	title = {Bits to Bitmaps: A simple walkthrough of BMP Image Format},
	year = {2019},
	month = oct,
	organization = {A Medium Corporation},
	note = {\url{https://medium.com/sysf/bits-to-bitmaps-a-simple-walkthrough-of-bmp-image-format-765dc6857393}, visited 2022-12-23}
}

@online{BMPINFOwingdi,
	title = {BITMAPINFOHEADER structure (wingdi.h)},
	year = {2022},
	month = nov,
	organization = {Microsoft Corporation},
	note = {\url{https://learn.microsoft.com/en-us/windows/win32/api/wingdi/ns-wingdi-bitmapinfoheader}, visited 2022-12-23}
}
